@book{Gilat:09,
  title={M{\'e}todos num{\'e}ricos para engenheiros e cientistas: uma introdu{\c{c}}{\~a}o com aplica{\c{c}}{\~o}es usando o MATLAB},
  author={Gilat, Amos and Subramaniam, Vish},
  year  ={2009},
  publisher={Bookman Editora}
}